
@article{rostami2013demand,
  title={Demand forecasting by temporal aggregation},
  author={Rostami-Tabar, Bahman and Babai, M Zied and Syntetos, Aris and Ducq, Yves},
  journal={Naval Research Logistics (NRL)},
  volume={60},
  number={6},
  pages={479--498},
  year={2013},
  publisher={Wiley Online Library}
}

@article{petropoulos2022forecasting,
  title={Forecasting: theory and practice},
  author={Petropoulos, Fotios and Apiletti, Daniele and Assimakopoulos, Vassilios and Babai, Mohamed Zied and Barrow, Devon K and Taieb, Souhaib Ben and Bergmeir, Christoph and Bessa, Ricardo J and Bijak, Jakub and Boylan, John E and others},
  journal={International Journal of Forecasting},
  year={2022},
  publisher={Elsevier}
}

@article{rostami2014note,
  title={A note on the forecast performance of temporal aggregation},
  author={Rostami-Tabar, Bahman and Babai, Mohamed Zied and Syntetos, Aris and Ducq, Yves},
  journal={Naval Research Logistics (NRL)},
  volume={61},
  number={7},
  pages={489--500},
  year={2014},
  publisher={Wiley Online Library}
}

@article{willemain1994forecasting,
  title={Forecasting intermittent demand in manufacturing: a comparative evaluation of Croston's method},
  author={Willemain, Thomas R and Smart, Charles N and Shockor, Joseph H and DeSautels, Philip A},
  journal={International Journal of forecasting},
  volume={10},
  number={4},
  pages={529--538},
  year={1994},
  publisher={Elsevier}
}

@article{nikolopoulos2011aggregate,
  title={An aggregate--disaggregate intermittent demand approach (ADIDA) to forecasting: an empirical proposition and analysis},
  author={Nikolopoulos, Konstantinos and Syntetos, Aris A and Boylan, John E and Petropoulos, Fotios and Assimakopoulos, Vassilis},
  journal={Journal of the Operational Research Society},
  volume={62},
  number={3},
  pages={544--554},
  year={2011},
  publisher={Taylor \& Francis}
}

@article{babai2012impact,
  title={Impact of temporal aggregation on stock control performance of intermittent demand estimators: Empirical analysis},
  author={Babai, M Zied and Ali, Mohammad M and Nikolopoulos, Konstantinos},
  journal={Omega},
  volume={40},
  number={6},
  pages={713--721},
  year={2012},
  publisher={Elsevier}
}

@article{petropoulos2015forecast,
  title={Forecast combinations for intermittent demand},
  author={Petropoulos, Fotios and Kourentzes, Nikolaos},
  journal={Journal of the Operational Research Society},
  volume={66},
  number={6},
  pages={914--924},
  year={2015},
  publisher={Taylor \& Francis}
}

@article{kourentzes2014improving,
  title={Improving forecasting by estimating time series structural components across multiple frequencies},
  author={Kourentzes, Nikolaos and Petropoulos, Fotios and Trapero, Juan R},
  journal={International Journal of Forecasting},
  volume={30},
  number={2},
  pages={291--302},
  year={2014},
  publisher={Elsevier}
}

@article{kourentzes2017demand,
  title={Demand forecasting by temporal aggregation: using optimal or multiple aggregation levels?},
  author={Kourentzes, Nikolaos and Rostami-Tabar, Bahman and Barrow, Devon K},
  journal={Journal of Business Research},
  volume={78},
  pages={1--9},
  year={2017},
  publisher={Elsevier}
}

@article{rostami2020anticipating,
  title={Anticipating special events in emergency department forecasting},
  author={Rostami-Tabar, Bahman and Ziel, Florian},
  journal={International Journal of Forecasting},
  year={2020},
  publisher={Elsevier}
}

@article{babai2021demand,
  title={Demand forecasting in supply chains: a review of aggregation and hierarchical approaches},
  author={Babai, M Zied and Boylan, John E and Rostami-Tabar, Bahman},
  journal={International Journal of Production Research},
  pages={1--25},
  year={2021},
  publisher={Taylor \& Francis}
}

@article{athanasopoulos2011tourism,
  title={The tourism forecasting competition},
  author={Athanasopoulos, George and Hyndman, Rob J and Song, Haiyan and Wu, Doris C},
  journal={International Journal of Forecasting},
  volume={27},
  number={3},
  pages={822--844},
  year={2011},
  publisher={Elsevier}
}

@article{rostami2019impact,
  title={The impact of temporal aggregation on supply chains with ARMA (1, 1) demand processes},
  author={Rostami-Tabar, Bahman and Babai, M Zied and Ali, Mohammad and Boylan, John E},
  journal={European Journal of Operational Research},
  volume={273},
  number={3},
  pages={920--932},
  year={2019},
  publisher={Elsevier}
}

@article{mircetic2021forecasting,
  title={Forecasting hierarchical time series in supply chains: an empirical investigation},
  author={Mircetic, Dejan and Rostami-Tabar, Bahman and Nikolicic, Svetlana and Maslaric, Marinko},
  journal={International Journal of Production Research},
  pages={1--20},
  year={2021},
  publisher={Taylor \& Francis}
}

@article{zotteri2007model,
  title={A model for selecting the appropriate level of aggregation in forecasting processes},
  author={Zotteri, Giulio and Kalchschmidt, Matteo},
  journal={International Journal of Production Economics},
  volume={108},
  number={1-2},
  pages={74--83},
  year={2007},
  publisher={Elsevier}
}

@article{mohammadipour2012forecast,
  title={Forecast horizon aggregation in integer autoregressive moving average (INARMA) models},
  author={Mohammadipour, Maryam and Boylan, John E},
  journal={Omega},
  volume={40},
  number={6},
  pages={703--712},
  year={2012},
  publisher={Elsevier}
}

@article{porras2008inventory,
  title={An inventory control system for spare parts at a refinery: An empirical comparison of different re-order point methods},
  author={Porras, Eric and Dekker, Rommert},
  journal={European Journal of Operational Research},
  volume={184},
  number={1},
  pages={101--132},
  year={2008},
  publisher={Elsevier}
}
@article{boylan2016performance,
  title={On the performance of overlapping and non-overlapping temporal demand aggregation approaches},
  author={Boylan, John E and Babai, M Zied},
  journal={International Journal of Production Economics},
  volume={181},
  pages={136--144},
  year={2016},
  publisher={Elsevier}
}
@book{silver1998inventory,
  title={Inventory management and production planning and scheduling},
  author={Silver, Edward Allen and Pyke, David F and Peterson, Rein and others},
  volume={3},
  year={1998},
  publisher={Wiley New York}
}


@article{rostami2018scta,
  title={To aggregate or not to aggregate: Forecasting of finite autocorrelated demand},
  author={Rostami-Tabar, Bahman and Babai, M Zied and Syntetos, Aris},
  journal={Production and Operations Management (POM)},
  volume={60},
  number={6},
  pages={479--498},
  year={2013},
  publisher={Wiley Online Library}
}

@article{makridakis2018m4,
  title={The M4 Competition: Results, findings, conclusion and way forward},
  author={Makridakis, Spyros and Spiliotis, Evangelos and Assimakopoulos, Vassilios},
  journal={International Journal of Forecasting},
  year={2018},
  publisher={Elsevier}
}

@article{clemen1989combining,
  title={Combining forecasts: A review and annotated bibliography},
  author={Clemen, Robert T},
  journal={International journal of forecasting},
  volume={5},
  number={4},
  pages={559--583},
  year={1989},
  publisher={Elsevier}
}

@article{makridakis1983averages,
  title={Averages of forecasts: Some empirical results},
  author={Makridakis, Spyros and Winkler, Robert L},
  journal={Management Science},
  volume={29},
  number={9},
  pages={987--996},
  year={1983},
  publisher={Informs}
}

@article{hibon2005combine,
  title={To combine or not to combine: selecting among forecasts and their combinations},
  author={Hibon, Michele and Evgeniou, Theodoros},
  journal={International Journal of Forecasting},
  volume={21},
  number={1},
  pages={15--24},
  year={2005},
  publisher={Elsevier}
}

@article{he2005combination,
  title={Combination of forecasts using self-organizing algorithms},
  author={He, Changzheng and Xu, Xiaozhan},
  journal={Journal of forecasting},
  volume={24},
  number={4},
  pages={269--278},
  year={2005},
  publisher={Wiley Online Library}
}

@article{kolassa2011combining,
  title={Combining exponential smoothing forecasts using Akaike weights},
  author={Kolassa, Stephan},
  journal={International Journal of Forecasting},
  volume={27},
  number={2},
  pages={238--251},
  year={2011},
  publisher={Elsevier}
}

@article{taylor2008exponentially,
  title={Exponentially weighted information criteria for selecting among forecasting models},
  author={Taylor, James W},
  journal={International Journal of Forecasting},
  volume={24},
  number={3},
  pages={513--524},
  year={2008},
  publisher={Elsevier}
}

@article{jose2008simple,
  title={Simple robust averages of forecasts: Some empirical results},
  author={Jose, Victor Richmond R and Winkler, Robert L},
  journal={International Journal of Forecasting},
  volume={24},
  number={1},
  pages={163--169},
  year={2008},
  publisher={Elsevier}
}

@article{cholette1982prior,
  title={Prior information and ARIMA forecasting},
  author={Cholette, Pierre A},
  journal={Journal of Forecasting},
  volume={1},
  number={4},
  pages={375--383},
  year={1982},
  publisher={Wiley Online Library}
}

@article{trabelsi1989benchmarking,
  title={A benchmarking approach to forecast combination},
  author={Trabelsi, Abdelwahed and Hillmer, Steven C},
  journal={Journal of Business \& Economic Statistics},
  volume={7},
  number={3},
  pages={353--362},
  year={1989},
  publisher={Taylor \& Francis}
}

@article{casals2009modelling,
  title={Modelling and forecasting time series sampled at different frequencies},
  author={Casals, Jos{\'e} and Jerez, Miguel and Sotoca, Sonia},
  journal={Journal of Forecasting},
  volume={28},
  number={4},
  pages={316--342},
  year={2009},
  publisher={Wiley Online Library}
}

@article{andrawis2011combination,
  title={Combination of long term and short term forecasts, with application to tourism demand forecasting},
  author={Andrawis, Robert R and Atiya, Amir F and El-Shishiny, Hisham},
  journal={International Journal of Forecasting},
  volume={27},
  number={3},
  pages={870--886},
  year={2011},
  publisher={Elsevier}
}


@ARTICLE{barrow2016distributions,
  author = {Barrow, Devon K and Kourentzes, Nikolaos},
  title = {Distributions of forecasting errors of forecast combinations: implications
	for inventory management},
  journal = {International Journal of Production Economics},
  year = {2016},
  volume = {177},
  pages = {24--33},
  publisher = {Elsevier}
}


@article{blanc2016choose,
  title={When to choose the simple average in forecast combination},
  author={Blanc, Sebastian M and Setzer, Thomas},
  journal={Journal of Business Research},
  volume={69},
  number={10},
  pages={3951--3962},
  year={2016},
  publisher={Elsevier}
}

@ARTICLE{petropoulos2014forecast,
  author = {Petropoulos, Fotios and Kourentzes, Nikolaos},
  title = {Forecast combinations for intermittent demand},
  journal = {Journal of the Operational Research Society},
  year = {2014},
  volume = {66},
  pages = {914--924},
  number = {6},
  publisher = {Palgrave Macmillan}
}

@article{kourentzes2015forecasting,
  title={Forecasting with multivariate temporal aggregation: The case of promotional modelling},
  author={Kourentzes, Nikolaos and Petropoulos, Fotios},
  journal={International Journal of Production Economics},
  volume={181},
  pages={145--153},
  year={2016},
  publisher={Elsevier}
}


@article{gardner2006exponential,
  title={Exponential smoothing: The state of the art—Part {II}},
  author={Gardner Jr, Everette S},
  journal={International journal of forecasting},
  volume={22},
  number={4},
  pages={637--666},
  year={2006},
  publisher={Elsevier}
}
@article{hyndman2002state,
  title={A state space framework for automatic forecasting using exponential smoothing methods},
  author={Hyndman, Rob J and Koehler, Anne B and Snyder, Ralph D and Grose, Simone},
  journal={International Journal of forecasting},
  volume={18},
  number={3},
  pages={439--454},
  year={2002},
  publisher={Elsevier}
}

@book{hyndman2008forecasting,
  title={Forecasting with exponential smoothing: the state space approach},
  author={Hyndman, Rob and Koehler, Anne B and Ord, J Keith and Snyder, Ralph D},
  year={2008},
  publisher={Springer Science \& Business Media}
}

@article{davydenko2013measuring,
  title={Measuring forecasting accuracy: The case of judgmental adjustments to SKU-level demand forecasts},
  author={Davydenko, Andrey and Fildes, Robert},
  journal={International Journal of Forecasting},
  volume={29},
  number={3},
  pages={510--522},
  year={2013},
  publisher={Elsevier}
}

@article{tashman2000,
  title={Out-of-sample tests of forecasting accuracy: an analysis and review},
  author={Tashman, Leonard J},
  journal={International journal of forecasting},
  volume={16},
  number={4},
  pages={437--450},
  year={2000},
  publisher={Elsevier}
}

@ARTICLE{nikolopoulos2011aggregate,
  author = {Nikolopoulos, Konstantinos and Syntetos, Aris A and Boylan, John
	E and Petropoulos, Fotios and Assimakopoulos, Vassilis},
  title = {An aggregate--disaggregate intermittent demand approach ({ADIDA}) to
	forecasting: an empirical proposition and analysis},
  journal = {Journal of the Operational Research Society},
  year = {2011},
  volume = {62},
  pages = {544--554},
  number = {3},
  publisher = {Springer}
}

@ARTICLE{rostami2014note,
  author = {Rostami-Tabar, Bahman and Babai, Mohamed Zied and Syntetos, Aris
	and Ducq, Yves},
  title = {A note on the forecast performance of temporal aggregation},
  journal = {Naval Research Logistics (NRL)},
  year = {2014},
  volume = {61},
  pages = {489--500},
  number = {7},
  publisher = {Wiley Online Library}
}

@ARTICLE{rostami2013demand,
  author = {Rostami-Tabar, Bahman and Babai, M Zied and Syntetos, Aris and Ducq,
	Yves},
  title = {Demand forecasting by temporal aggregation},
  journal = {Naval Research Logistics (NRL)},
  year = {2013},
  volume = {60},
  pages = {479--498},
  number = {6},
  publisher = {Wiley Online Library}
}


@book{goodwin2018profit,
  title={Profit from your forecasting software: A best practice guide for sales forecasters},
  author={Goodwin, Paul},
  year={2018},
  publisher={John Wiley \& Sons}
}

@article{rostami2021aggregate,
  title={To aggregate or not to aggregate: Forecasting of finite autocorrelated demand},
  author={Rostami-Tabar, Bahman and Babai, Mohamed Zied and Syntetos, Aris},
  journal={arXiv preprint arXiv:2103.16310},
  year={2021}
}

@article{nikolopoulos2021we,
  title={We need to talk about intermittent demand forecasting},
  author={Nikolopoulos, Konstantinos},
  journal={European Journal of Operational Research},
  volume={291},
  number={2},
  pages={549--559},
  year={2021},
  publisher={Elsevier}
}

@article{athanasopoulos2017forecasting,
  title={Forecasting with temporal hierarchies},
  author={Athanasopoulos, George and Hyndman, Rob J and Kourentzes, Nikolaos and Petropoulos, Fotios},
  journal={European Journal of Operational Research},
  volume={262},
  number={1},
  pages={60--74},
  year={2017},
  publisher={Elsevier}
}

@article{kourentzes2017demand,
  title={Demand forecasting by temporal aggregation: using optimal or multiple aggregation levels?},
  author={Kourentzes, Nikolaos and Rostami-Tabar, Bahman and Barrow, Devon K},
  journal={Journal of Business Research},
  volume={78},
  pages={1--9},
  year={2017},
  publisher={Elsevier}
}

@article{wang2009rule,
  title={Rule induction for forecasting method selection: Meta-learning the characteristics of univariate time series},
  author={Wang, Xiaozhe and Smith-Miles, Kate and Hyndman, Rob},
  journal={Neurocomputing},
  volume={72},
  number={10-12},
  pages={2581--2594},
  year={2009},
  publisher={Elsevier}
  }
  
@inproceedings{hyndman2015large,
  title={Large-scale unusual time series detection},
  author={Hyndman, Rob J and Wang, Earo and Laptev, Nikolay},
  booktitle={2015 IEEE international conference on data mining workshop (ICDMW)},
  pages={1616--1619},
  year={2015},
  organization={IEEE}
}

@ARTICLE{silvestrini2008temporal,
  author = {Silvestrini, Andrea and Veredas, David},
  title = {Temporal aggregation of univariate and multivariate time series models:
	a survey},
  journal = {Journal of Economic Surveys},
  year = {2008},
  volume = {22},
  pages = {458--497},
  number = {3},
  publisher = {Wiley Online Library}
}


@INCOLLECTION{wei1978some,
  author = {Wei, William WS},
  title = {Some consequences of temporal aggregation in seasonal time series
	models},
  booktitle = {Seasonal analysis of economic time series},
  publisher = {NBER},
  year = {1978},
  pages = {433--448}
}

@ARTICLE{spithourakis2011improving,
  author = {Spithourakis, Georgios P and Petropoulos, Fotios and Babai, M Zied
	and Nikolopoulos, Konstantinos and Assimakopoulos, Vassilios},
  title = {Improving the performance of popular supply chain forecasting techniques},
  journal = {Supply Chain Forum: an international journal},
  year = {2011},
  volume = {12},
  number = {4},
  pages = {16--25}
}

@ARTICLE{jin2015forecasting,
  author={Jin, Yao and Williams, Brent D and Tokar, Travis and Waller, Matthew A and others},
  title={Forecasting with temporally aggregated demand signals in a retail supply chain},
  journal={Journal of Business Logistics},
  year={2015},
  volume={36},
  pages={199--211},
  number={2},
  publisher={Wiley Online Library}
}

@ARTICLE{luna2011top,
  author={Luna, Ivette and Ballini, Rosangela},
  title={Top-down strategies based on adaptive fuzzy rule-based systems for daily time series forecasting},
  journal={International Journal of Forecasting},
    year={2011},
  volume={27},
    pages={708--724},
  number={3},
  publisher={Elsevier}
}


@incollection{james2021statistical,
  title={Statistical learning},
  author={James, Gareth and Witten, Daniela and Hastie, Trevor and Tibshirani, Robert},
  booktitle={An introduction to statistical learning},
  pages={15--57},
  year={2021},
  publisher={Springer}
}

@article{hyndman2008automatic,
  title={Automatic time series forecasting: the forecast package for R},
  author={Hyndman, Rob J and Khandakar, Yeasmin},
  journal={Journal of statistical software},
  volume={27},
  pages={1--22},
  year={2008}
}

@book{hyndman2021forecasting,
  title={Forecasting: principles and practice},
  author={Hyndman, Rob J and Athanasopoulos, George},
  year={2021},
  publisher={OTexts},
  url = {https://otexts.com/fpp3}
}


@ARTICLE{kourentzes2014improving,
  author = {Kourentzes, Nikolaos and Petropoulos, Fotios and Trapero, Juan R},
  title = {Improving forecasting by estimating time series structural components
	across multiple frequencies},
  journal = {International Journal of Forecasting},
  year = {2014},
  volume = {30},
  pages = {291--302},
  number = {2},
  publisher = {Elsevier}
}

@ARTICLE{rossana1995temporal,
  author = {Rossana, Robert J and Seater, John J},
  title = {Temporal aggregation and economic time series},
  journal = {Journal of Business \& Economic Statistics},
  year = {1995},
  volume = {13},
  pages = {441--451},
  number = {4},
  publisher = {Taylor \& Francis}
}

@techreport{Makridakis2018,
   author = {Makridakis, Spyros},
   title = {M4 Competitor’s Guide: Prizes and Rules},
   institution = {University of Nicosia},
   year = {2018}
}

@article{Spiliotis2020,
   author = {Spiliotis, Evangelos and Kouloumos, Andreas and Assimakopoulos, Vassilios and Makridakis, Spyros},
   title = {Are forecasting competitions data representative of the reality?},
   journal = {International Journal of Forecasting},
   volume = {36},
   number = {1},
   pages = {37-53},
   year = {2020}
}

@article{Rforecast,
   author = {Hyndman, Rob J and Athanasopoulos, George and Bergmeir, Christoph and Caceres, Gabriel and Chhay, Leanne and O'Hara-Wild, Mitchell and Petropoulos, Fotios and Razbash, Slava and Wang, Earo and Yasmeen, Farah},
   title = {forecast: Forecasting functions for time series and linear models},
   year = {2018}
}

@article{MCB,
   author = {Koning, Alex J and Franses, Philip Hans and Hibon, Michele and Stekler, Herman O},
   title = {The M3 competition: Statistical tests of the results},
   journal = {International Journal of Forecasting},
   volume = {21},
   number = {3},
   pages = {397-409},
   year = {2005}
}

@article{breiman1996bagging,
  title={Bagging predictors},
  author={Breiman, Leo},
  journal={Machine learning},
  volume={24},
  number={2},
  pages={123--140},
  year={1996},
  publisher={Springer}
}

@article{breiman2001random,
  title={Random forests},
  author={Breiman, Leo},
  journal={Machine learning},
  volume={45},
  number={1},
  pages={5--32},
  year={2001},
  publisher={Springer}
}

@book{friedman2001elements,
  title={The elements of statistical learning},
  author={Friedman, Jerome and Hastie, Trevor and Tibshirani, Robert and others},
  volume={1},
  number={10},
  year={2001},
  publisher={Springer series in statistics New York}
}

@book{james2013introduction,
  title={An introduction to statistical learning},
  author={James, Gareth and Witten, Daniela and Hastie, Trevor and Tibshirani, Robert},
  volume={112},
  year={2013},
  publisher={Springer}
}